<record><leader>00000cas a2200000 a 4500</leader><controlfield tag="001">2266068</controlfield><controlfield tag="008">760620d18801885paudr ne      0    0eng c</controlfield><datafield ind1=" " ind2=" " tag="010"><subfield code="a">sn 83025931 </subfield></datafield><datafield ind1=" " ind2=" " tag="040"><subfield code="a">PIT</subfield><subfield code="b">eng</subfield><subfield code="c">PIT</subfield><subfield code="d">NPV</subfield><subfield code="d">NPA</subfield><subfield code="d">NPH</subfield><subfield code="d">NPY</subfield><subfield code="d">NPT</subfield><subfield code="d">DLC</subfield><subfield code="d">MFN</subfield><subfield code="d">KNP</subfield><subfield code="d">MGN</subfield><subfield code="d">CRL</subfield><subfield code="d">DLC</subfield><subfield code="d">KRTAS</subfield><subfield code="d">OCLCQ</subfield><subfield code="d">OCLCF</subfield><subfield code="d">OCLCO</subfield></datafield><datafield ind1="1" ind2=" " tag="029"><subfield code="a">AU@</subfield><subfield code="b">000003027005</subfield></datafield><datafield ind1=" " ind2=" " tag="042"><subfield code="a">pcc</subfield></datafield><datafield ind1=" " ind2=" " tag="043"><subfield code="a">n-us-pa</subfield></datafield><datafield ind1=" " ind2=" " tag="045"><subfield code="a">w8w8</subfield></datafield><datafield ind1="0" ind2="0" tag="050"><subfield code="a">Newspaper</subfield></datafield><datafield ind1=" " ind2=" " tag="052"><subfield code="a">3824</subfield><subfield code="b">P5</subfield></datafield><datafield ind1="0" ind2=" " tag="130"><subfield code="a">Philadelphia press (Philadelphia, Pa. : 1880)</subfield></datafield><datafield ind1="1" ind2="4" tag="245"><subfield code="a">The Philadelphia press.</subfield></datafield><datafield ind1=" " ind2=" " tag="260"><subfield code="a">Philadelphia [Pa.] :</subfield><subfield code="b">Press Co.,</subfield><subfield code="c">1880-1885.</subfield></datafield><datafield ind1=" " ind2=" " tag="300"><subfield code="a">6 v.</subfield></datafield><datafield ind1=" " ind2=" " tag="310"><subfield code="a">Daily,</subfield><subfield code="b">Mar. 28, 1881-Feb. 1, 1885</subfield></datafield><datafield ind1=" " ind2=" " tag="321"><subfield code="a">Daily (except Sunday),</subfield><subfield code="b">July 5, 1880-Mar. 26, 1881</subfield></datafield><datafield ind1="0" ind2=" " tag="362"><subfield code="a">July 5, 1880-Feb. 1, 1885.</subfield></datafield><datafield ind1=" " ind2=" " tag="500"><subfield code="a">"Philadelphia" over logo device.</subfield></datafield><datafield ind1=" " ind2=" " tag="515"><subfield code="a">Called also: v. 23-v. 28.</subfield></datafield><datafield ind1=" " ind2=" " tag="530"><subfield code="a">Also issued on microfilm from the Library of Congress, Photoduplication Service, and the Free Library, Newspaper Division, Philadelphia. Pa.</subfield></datafield><datafield ind1=" " ind2=" " tag="580"><subfield code="a">Weekly eds.: Press (Philadelphia, Pa. : Weekly), 1880-1882; and Weekly press (Philadelphia, Pa. : 1883), 1883-1885.</subfield></datafield><datafield ind1=" " ind2="0" tag="651"><subfield code="a">Philadelphia (Pa.)</subfield><subfield code="v">Newspapers.</subfield></datafield><datafield ind1=" " ind2="7" tag="655"><subfield code="a">Newspapers.</subfield><subfield code="2">fast</subfield><subfield code="0">(OCoLC)fst01423814</subfield></datafield><datafield ind1=" " ind2="7" tag="651"><subfield code="a">Pennsylvania</subfield><subfield code="z">Philadelphia.</subfield><subfield code="2">fast</subfield><subfield code="0">(OCoLC)fst01204170</subfield></datafield><datafield ind1=" " ind2=" " tag="752"><subfield code="a">United States</subfield><subfield code="b">Pennsylvania</subfield><subfield code="c">Philadelphia</subfield><subfield code="d">Philadelphia.</subfield></datafield><datafield ind1="1" ind2=" " tag="775"><subfield code="t">Press (Philadelphia, Pa. : Weekly)</subfield><subfield code="w">(DLC)sn 86063585</subfield><subfield code="w">(OCoLC)12274319</subfield></datafield><datafield ind1="1" ind2=" " tag="775"><subfield code="t">Weekly press (Philadelphia, Pa. : 1883)</subfield><subfield code="w">(DLC)sn 92057033</subfield><subfield code="w">(OCoLC)12274348</subfield></datafield><datafield ind1="0" ind2="0" tag="780"><subfield code="t">Press (Philadelphia, Pa. : 1857 : Daily)</subfield><subfield code="w">(DLC)sn 84026296</subfield><subfield code="w">(OCoLC)10396328</subfield></datafield><datafield ind1="0" ind2="0" tag="785"><subfield code="t">Press (Philadelphia, Pa. : 1885)</subfield><subfield code="w">(DLC)sn 84031031</subfield><subfield code="w">(OCoLC)11150822</subfield></datafield><datafield ind1=" " ind2=" " tag="938"><subfield code="a">Kirtas Technologies, Inc.</subfield><subfield code="b">KRTS</subfield><subfield code="n">735691</subfield></datafield></record>